<?xml version="1.0" encoding="UTF-8"?>
<record xmlns="http://www.loc.gov/MARC21/slim" xmlns:xsi="http://www.w3.org/2001/XMLSchema-instance" xsi:schemaLocation="http://www.loc.gov/MARC21/slim http://www.loc.gov/standards/marcxml/schema/MARC21slim.xsd">
<leader>     cam a2200313 a 4500</leader>
<controlfield tag="001">001685300</controlfield>
<controlfield tag="003">NNU</controlfield>
<controlfield tag="005">20061010173256.0</controlfield>
<controlfield tag="008">990427s1933    ua h     b    000 0 ara d</controlfield>
<datafield tag="010" ind1=" " ind2=" ">
<subfield code="a">59036702</subfield>
</datafield>
<datafield tag="035" ind1="9" ind2=" ">
<subfield code="a">NYUb12228737</subfield>
</datafield>
<datafield tag="035" ind1=" " ind2=" ">
<subfield code="a">(NNU)NYUb12228737</subfield>
</datafield>
<datafield tag="040" ind1=" " ind2=" ">
<subfield code="c">CarP</subfield>
<subfield code="d">MiU</subfield>
<subfield code="d">UaCaAUL</subfield>
</datafield>
<datafield tag="050" ind1="0" ind2=" ">
<subfield code="a">PJ6617.B8</subfield>
<subfield code="b">M89 (Orien Arab)</subfield>
</datafield>
<datafield tag="066" ind1=" " ind2=" ">
<subfield code="c">(3</subfield>
</datafield>
<datafield tag="090" ind1=" " ind2=" ">
<subfield code="a">PJ6617.B8</subfield>
<subfield code="b">M8</subfield>
</datafield>
<datafield tag="100" ind1="1" ind2=" ">
<subfield code="a">Yāzijī, Ibrāhīm,</subfield>
<subfield code="d">1847-1906</subfield>
<subfield code="6">880-01</subfield>
</datafield>
<datafield tag="245" ind1="1" ind2="0">
<subfield code="6">880-02</subfield>
<subfield code="a">Tanbīhāt al-Yāzijī ʻalā Muḥīṭ al-Bustānī /</subfield>
<subfield code="c">Jamaʻahā wa-ḥalla ramūzihā Salīm Shamʻūn wa-Jubrān al-Naḥḥās.</subfield>
</datafield>
<datafield tag="260" ind1=" " ind2=" ">
<subfield code="6">880-03</subfield>
<subfield code="a">al-Iskandarīyah :</subfield>
<subfield code="b">Maṭbaʻat Ṣalāḥ al-Dīn,</subfield>
<subfield code="c">1933.</subfield>
</datafield>
<datafield tag="300" ind1=" " ind2=" ">
<subfield code="a">100 p. :</subfield>
<subfield code="b">facsims. ;</subfield>
<subfield code="c">28 cm.</subfield>
</datafield>
<datafield tag="500" ind1=" " ind2=" ">
<subfield code="a">"Bāb al-Hamzah" T.p.</subfield>
</datafield>
<datafield tag="500" ind1=" " ind2=" ">
<subfield code="a">Includes errata page.</subfield>
</datafield>
<datafield tag="504" ind1=" " ind2=" ">
<subfield code="a">Includes bibliographical references.</subfield>
</datafield>
<datafield tag="500" ind1=" " ind2=" ">
<subfield code="a">Added cover title in French.</subfield>
</datafield>
<datafield tag="600" ind1="1" ind2="0">
<subfield code="6">880-04</subfield>
<subfield code="a">Bustānī, Buṭrus ibn Būlus,</subfield>
<subfield code="d">1818 or 19-1882 or 3.</subfield>
<subfield code="t">Muḥīṭ al-muḥīṭ.</subfield>
</datafield>
<datafield tag="880" ind1="1" ind2=" ">
<subfield code="6">100-01/</subfield>
<subfield code="a">يازجى، ابراهيم،</subfield>
<subfield code="d">1906-1847.</subfield>
</datafield>
<datafield tag="880" ind1="1" ind2="0">
<subfield code="6">245-02/</subfield>
<subfield code="a">تنبيهات اليازجى على محيط البستانى /</subfield>
<subfield code="c">جمعها وحل رموزها سليم شمعون وجبران النحاس.</subfield>
</datafield>
<datafield tag="880" ind1=" " ind2=" ">
<subfield code="6">260-03/</subfield>
<subfield code="a">الاسكندرية :</subfield>
<subfield code="b">مطبعة صلاح الدين،</subfield>
<subfield code="c">1933.</subfield>
</datafield>
<datafield tag="880" ind1="1" ind2="4">
<subfield code="6">600-04/</subfield>
<subfield code="a">بستانى، بطرس،</subfield>
<subfield code="d">1883-1819.</subfield>
<subfield code="t">محيط المحيط.</subfield>
</datafield>
<datafield tag="OWN" ind1=" " ind2=" ">
<subfield code="a">GENERAL</subfield>
</datafield>
<datafield tag="998" ind1=" " ind2=" ">
<subfield code="a">20010429</subfield>
<subfield code="d">20010429</subfield>
<subfield code="d">20010429</subfield>
<subfield code="n">NNU</subfield>
<subfield code="s">6</subfield>
<subfield code="t">c</subfield>
<subfield code="z">e</subfield>
</datafield>
<datafield tag="AVA" ind1=" " ind2=" ">
<subfield code="a">NYU50</subfield>
<subfield code="b">BOBST</subfield>
<subfield code="c">Main Collection</subfield>
<subfield code="d">PJ6617.B8 M8</subfield>
<subfield code="e">unavailable</subfield>
<subfield code="t">Unavailable</subfield>
<subfield code="f">1</subfield>
<subfield code="g">1</subfield>
<subfield code="h">Y</subfield>
<subfield code="i">0</subfield>
<subfield code="j">MAIN</subfield>
<subfield code="k">0</subfield>
</datafield>
</record>
